<record><leader>00000cas a22000007a 4500</leader><controlfield tag="001">13649252</controlfield><controlfield tag="008">860528d18201821pauwr ne      0    0eng d</controlfield><datafield ind1=" " ind2=" " tag="010"><subfield code="a">sn 86053428 </subfield></datafield><datafield ind1=" " ind2=" " tag="040"><subfield code="a">NPX</subfield><subfield code="b">eng</subfield><subfield code="c">NPX</subfield><subfield code="d">NPH</subfield><subfield code="d">OCLCQ</subfield></datafield><datafield ind1=" " ind2=" " tag="042"><subfield code="a">msc</subfield></datafield><datafield ind1="0" ind2=" " tag="130"><subfield code="a">Mountaineer (Easton, Pa.)</subfield></datafield><datafield ind1="1" ind2="4" tag="245"><subfield code="a">The mountaineer.</subfield></datafield><datafield ind1=" " ind2=" " tag="260"><subfield code="a">Easton [Pa.] :</subfield><subfield code="b">Weiss &amp; Patterson,</subfield><subfield code="c">1820-1821.</subfield></datafield><datafield ind1=" " ind2=" " tag="300"><subfield code="a">2 v.</subfield></datafield><datafield ind1=" " ind2=" " tag="310"><subfield code="a">Weekly</subfield></datafield><datafield ind1="0" ind2=" " tag="362"><subfield code="a">Vol. 1, no. 1 (Jan. 7, 1820)-v. 2, no. 33 (Aug. 17, 1821).</subfield></datafield><datafield ind1=" " ind2=" " tag="500"><subfield code="a">Publishers: John D. Weiss &amp; James A. Patterson, 1820-1821; James A. Patterson, 1821.</subfield></datafield><datafield ind1=" " ind2=" " tag="500"><subfield code="a">"Democratic Republican."</subfield></datafield><datafield ind1="4" ind2=" " tag="510"><subfield code="a">Brigham, C.S. Amer. newspapers,</subfield><subfield code="c">p. 844</subfield></datafield><datafield ind1=" " ind2=" " tag="530"><subfield code="a">Also issued on microfilm from Micro Photo Division of Bell and Howell.</subfield></datafield><datafield ind1="1" ind2=" " tag="700"><subfield code="a">Weiss, John David,</subfield><subfield code="d">1793-1823.</subfield></datafield><datafield ind1="1" ind2=" " tag="700"><subfield code="a">Patterson, James Alexander,</subfield><subfield code="d">1798?-1827.</subfield></datafield><datafield ind1=" " ind2=" " tag="752"><subfield code="a">United States</subfield><subfield code="b">Pennsylvania</subfield><subfield code="c">Northampton</subfield><subfield code="d">Easton.</subfield></datafield><datafield ind1="1" ind2=" " tag="029"><subfield code="a">AU@</subfield><subfield code="b">000025790107</subfield></datafield></record>